%% This BibTeX bibliography file was created using BibDesk.
%% https://bibdesk.sourceforge.io/

%% Created for YoshidaIppei at 2022-06-17 16:21:29 +0900 


%% Saved with string encoding Unicode (UTF-8) 



@article{cite-key,
	date-added = {2022-06-17 16:21:23 +0900},
	date-modified = {2022-06-17 16:21:23 +0900}}

@article{Xarticle,
	year = {XXXX}}

@book{Xbook,
	year = {XXXX}}

@conference{Xconference,
	year = {XXXX}}

@proceedings{Xproceedings}

@mastersthesis{Xthesis,
	year = {XXXX}}

@phdthesis{Xphdthesis}

@article{大須賀公一2004ヘビ型ロボットによる狭空間探索,
  title={ヘビ型ロボットによる狭空間探索},
  author={大須賀公一},
  journal={日本ロボット学会誌},
  volume={22},
  number={5},
  pages={554--557},
  year={2004},
  publisher={The Robotics Society of Japan}
}

@article{高森年2003災害における罹災者発見とクローラ型ロボット,
  title={災害における罹災者発見とクローラ型ロボット (＜特集＞災害対応のためのロボティクス)},
  author={高森年 and 小林滋},
  journal={日本機械学会誌},
  volume={106},
  number={1019},
  pages={782--785},
  year={2003},
  publisher={一般社団法人 日本機械学会}
}

@article{宮城弘守1996プロペラ推進型壁面移動ロボットの移動機構と壁面移動実験,
  title={プロペラ推進型壁面移動ロボットの移動機構と壁面移動実験},
  author={宮城弘守 and 西亮 and others},
  journal={ロボティクス・メカトロニクス講演会講演論文集},
  volume={1996},
  number={B},
  pages={829--832},
  year={1996}
}

@article{published_papers/17349573,
title = {歩くために必要な摩擦や接着},
author = {細田 奈麻絵},
journal = {生物の形や能力を利用する学問バイオミメティクス (国立科学博物館叢書)},
month = {3},
pages = {37--45},
year = {2016}
}

@inproceedings{長田勇一2016壁面,
  title={壁面・天井に吸着可能な飛行ロボットのための吸盤機構},
  author={長田勇一 and 清水総一郎 and 塚越秀行 and 小松洋音},
  booktitle={ロボティクス・メカトロニクス講演会講演概要集 2016},
  pages={1A1--18a3},
  year={2016},
  organization={一般社団法人 日本機械学会}
}

@article{高田洋吾2013立体的な環境で活動できる橋梁検査ロボットの開発,
  title={立体的な環境で活動できる橋梁検査ロボットの開発 (永久磁石式移動機構の走行性能評価)},
  author={高田洋吾 and 桐本浩介 and 田尻智紀 and 川合忠雄},
  journal={日本機械学会論文集 C 編},
  volume={79},
  number={805},
  pages={3135--3146},
  year={2013},
  publisher={一般社団法人 日本機械学会}
}

@inproceedings{山本泰広2018ヤマビルの吸着原理を参考にした多様な環境に吸着可能な吸盤,
  title={ヤマビルの吸着原理を参考にした多様な環境に吸着可能な吸盤},
  author={山本泰広 and 塚越秀行},
  booktitle={ロボティクス・メカトロニクス講演会講演概要集 2018},
  pages={2P1--E12},
  year={2018},
  organization={一般社団法人 日本機械学会}
}

@article{関口悠2019ヤモリ足裏構造にインスピレーションされた可逆接合に関する研究,
  title={ヤモリ足裏構造にインスピレーションされた可逆接合に関する研究},
  author={関口悠},
  journal={日本接着学会誌},
  volume={55},
  number={2},
  pages={50--56},
  year={2019},
  publisher={一般社団法人 日本接着学会}
}
@article{池田喜一1988走査型吸盤の基礎的研究,
  title={走査型吸盤の基礎的研究},
  author={池田喜一 and 矢野智昭},
  journal={日本ロボット学会誌},
  volume={6},
  number={3},
  pages={205--212},
  year={1988},
  publisher={一般社団法人 日本ロボット学会}
}
@article{広瀬茂男1991四足壁面移動ロボット,
  title={四足壁面移動ロボット NINJA-1 の開発},
  author={広瀬茂男 and 長久保晶彦 and 外山良成},
  journal={日本機械学会論文集 C 編},
  volume={57},
  number={540},
  pages={2679--2686},
  year={1991},
  publisher={一般社団法人 日本機械学会}
}
@article{上原宏1978プランジャーポンプの高圧化による用途開発,
  title={プランジャーポンプの高圧化による用途開発},
  author={上原宏},
  journal={農業機械学会誌},
  volume={40},
  number={3},
  pages={462--465},
  year={1978},
  publisher={農業食料工学会}
}