@Article{bibtest,
  author =       {引用元の著者名},
  title =        {引用文献タイトル},
  journal =      {引用雑誌},
  year =         2004,
  pages =        {111},
  vol =          {3}
}


@book{mike,
  author =       {M. Wisse and J. van Frankenhuyzen},
  title =        {Design and Construction of MIKE; a 2-D Autonomous Biped Based on Passive Dynamic Walking},
  journal =      {Adaptive Motion of Animals and Machines},
  year =         2003,
  publisher =    {Springer Tokyo},
  pages =        {143-154}
}


